@article{Stajner_Erjavec_Krek_2013, 
    title={Named entity recognition in Slovene text}, 
    volume={1}, 
    url={https://revije.ff.uni-lj.si/slovenscina2/article/view/6926}, 
    DOI={10.4312/slo2.0.2013.2.58-81}, 
    number={2}, 
    journal={Slovenščina 2.0: empirical, applied and interdisciplinary research}, 
    author={Štajner, Tadej and Erjavec, Tomaž and Krek, Simon}, 
    year={2013}, month={Dec.}, 
    pages={58-81}
}

@article{yadav2019survey,
  title={A survey on recent advances in named entity recognition from deep learning models},
author={Yadav, Vikas and Bethard, Steven},
  journal={arXiv preprint arXiv:1910.11470},
  year={2019}
}

@inproceedings{HMM,
author = {Zhou, GuoDong and Su, Jian},
title = {Named Entity Recognition Using an HMM-Based Chunk Tagger},
year = {2002},
publisher = {Association for Computational Linguistics},
address = {USA},
url = {https://doi.org/10.3115/1073083.1073163},
doi = {10.3115/1073083.1073163},
booktitle = {Proceedings of the 40th Annual Meeting on Association for Computational Linguistics},
pages = {473–480},
numpages = {8},
location = {Philadelphia, Pennsylvania},
series = {ACL ’02}
}

 @misc{dataset,
 title = {Training corpus ssj500k 2.2},
 author = {Krek, Simon and Dobrovoljc, Kaja and Erjavec, Toma{\v z} and Mo{\v z}e, Sara and Ledinek, Nina and Holz, Nanika and Zupan, Katja and Gantar, Polona and Kuzman, Taja and {\v C}ibej, Jaka and Arhar Holdt, {\v S}pela and Kav{\v c}i{\v c}, Teja and {\v S}krjanec, Iza and Marko, Dafne and Jezer{\v s}ek, Lucija and Zajc, Anja},
 url = {http://hdl.handle.net/11356/1210},
 note = {Slovenian language resource repository {CLARIN}.{SI}},
 copyright = {Creative Commons - Attribution-{NonCommercial}-{ShareAlike} 4.0 International ({CC} {BY}-{NC}-{SA} 4.0)},
 year = {2019} }
 
 @article{nadeau2007survey,
  title={A survey of named entity recognition and classification},
  author={Nadeau, David and Sekine, Satoshi},
  journal={Lingvisticae Investigationes},
  volume={30},
  number={1},
  pages={3--26},
  year={2007},
  publisher={John Benjamins}
}
 
@article{shen2017deep,
  title={Deep active learning for named entity recognition},
  author={Shen, Yanyao and Yun, Hyokun and Lipton, Zachary C and Kronrod, Yakov and Anandkumar, Animashree},
  journal={arXiv preprint arXiv:1707.05928},
  year={2017}
}